%! Author = adamenko
%! Date = 14.10.23

